
%Entries

@inproceedings{inozemtseva2014coverage,
  title={Coverage is not strongly correlated with test suite effectiveness},
  author={Inozemtseva, Laura and Holmes, Reid},
  booktitle={Proceedings of the 36th International Conference on Software Engineering},
  pages={435--445},
  year={2014},
  organization={ACM}
}

@article{gligoric2015guidelines,
  title={Guidelines for coverage-based comparisons of non-adequate test suites},
  author={Gligoric, Milos and Groce, Alex and Zhang, Chaoqiang and Sharma, Rohan and Alipour, Mohammad Amin and Marinov, Darko},
  journal={ACM Transactions on Software Engineering and Methodology (TOSEM)},
  volume={24},
  number={4},
  pages={22},
  year={2015},
  publisher={ACM}
}

@inproceedings{gopinath2014code,
  title={Code coverage for suite evaluation by developers},
  author={Gopinath, Rahul and Jensen, Carlos and Groce, Alex},
  booktitle={Proceedings of the 36th International Conference on Software Engineering},
  pages={72--82},
  year={2014},
  organization={ACM}
}

@inproceedings{coles2016pit,
  title={Pit: a practical mutation testing tool for java},
  author={Coles, Henry and Laurent, Thomas and Henard, Christopher and Papadakis, Mike and Ventresque, Anthony},
  booktitle={Proceedings of the 25th International Symposium on Software Testing and Analysis},
  pages={449--452},
  year={2016},
  organization={ACM}
}

@article{scheller2008codecover,
  title={CodeCover. http://codecover. org},
  author={Scheller, T},
  journal={Retrieved on},
  volume={12},
  pages={31},
  year={2008}
}